<?xml version="1.0" encoding="UTF-8"?><collection xmlns="http://www.loc.gov/MARC21/slim"><record><leader>00419nam--2200145-i-4500</leader><controlfield tag="001">000009230</controlfield><controlfield tag="002">20161230</controlfield><controlfield tag="005">20161230201028</controlfield><controlfield tag="008">060222s1000------------r-----000-0-eng-d</controlfield><datafield ind1=" " ind2=" " tag="080"><subfield code="a">541.15:541.28</subfield></datafield><datafield ind1=" " ind2=" " tag="245"><subfield code="a">Advances in radiation chemistry</subfield></datafield><datafield ind1=" " ind2=" " tag="260"><subfield code="a">New York, Wiley-interscience, 1969, 1970, 1972 Xi +401 P</subfield></datafield><datafield ind1=" " ind2=" " tag="490"><subfield code="a">Advances In Radiation Chemistry</subfield></datafield><datafield ind1=" " ind2=" " tag="700"><subfield code="a">Burton, Milton And Magee, L.John</subfield></datafield><datafield ind1=" " ind2=" " tag="852"><subfield code="a">32568</subfield></datafield></record></collection>